[gd_scene load_steps=17 format=2]

[ext_resource path="res://Resources/characters/Enemies/enemy_1.tres" type="Resource" id=1]
[ext_resource path="res://Resources/characters/Enemies/enemy_2.tres" type="Resource" id=2]
[ext_resource path="res://Resources/characters/Enemies/enemy_3.tres" type="Resource" id=3]
[ext_resource path="res://Resources/characters/Enemies/enemy_4.tres" type="Resource" id=4]
[ext_resource path="res://Resources/characters/Enemies/enemy_5.tres" type="Resource" id=5]
[ext_resource path="res://Scenes/Enemy.tscn" type="PackedScene" id=40]
[ext_resource path="res://Sprites/UI/CARD_CHARACTER02-1.png" type="Texture" id=41]
[ext_resource path="res://Sprites/UI/PLATAFORMAS 1.png" type="Texture" id=42]
[ext_resource path="res://Sprites/UI/mini_CARD.png" type="Texture" id=43]
[ext_resource path="res://Fonts/Saira/static/Saira_Expanded/Saira_Expanded-Bold.ttf" type="DynamicFontData" id=44]
[ext_resource path="res://Scripts/choice_enemy.gd" type="Script" id=45]

[sub_resource type="DynamicFont" id=1]
size = 24
font_data = ExtResource( 44 )

[sub_resource type="DynamicFont" id=2]
size = 22
font_data = ExtResource( 44 )

[sub_resource type="DynamicFont" id=3]
size = 22
font_data = ExtResource( 44 )

[sub_resource type="DynamicFont" id=4]
size = 22
font_data = ExtResource( 44 )

[sub_resource type="DynamicFont" id=5]
size = 22
font_data = ExtResource( 44 )

[node name="choice_enemy" type="Node2D"]
script = ExtResource( 45 )
__meta__ = {
"_edit_horizontal_guides_": [ 533.569, 803.663 ]
}

[node name="Enemy" parent="." instance=ExtResource( 40 )]
position = Vector2( 101.207, 430.495 )
scale = Vector2( 0.7, 0.7 )
numberEnemy = [ ExtResource( 1 ) ]

[node name="plataforma" type="Sprite" parent="Enemy"]
position = Vector2( 11.6283, 171.252 )
scale = Vector2( 0.9, 1.429 )
z_index = -1
texture = ExtResource( 42 )

[node name="mini_CARD" type="Sprite" parent="Enemy"]
position = Vector2( 20.9742, 306.349 )
scale = Vector2( 1, 1.2 )
z_index = -2
texture = ExtResource( 43 )

[node name="CARD_CHARACTER02-1" type="TextureButton" parent="Enemy/mini_CARD"]
margin_left = -168.829
margin_top = 125.772
margin_right = 226.171
margin_bottom = 223.772
rect_scale = Vector2( 0.8, 0.8 )
texture_normal = ExtResource( 41 )
__meta__ = {
"_edit_use_anchors_": false
}

[node name="Label" type="Label" parent="Enemy/mini_CARD/CARD_CHARACTER02-1"]
margin_left = 95.3378
margin_top = 26.9872
margin_right = 302.338
margin_bottom = 65.9872
custom_fonts/font = SubResource( 1 )
text = "Fight"
align = 1
__meta__ = {
"_edit_use_anchors_": false
}

[node name="level" type="Label" parent="Enemy/mini_CARD"]
margin_left = -132.0
margin_top = -92.0
margin_right = 117.0
margin_bottom = -68.0
custom_fonts/font = SubResource( 2 )
text = "Level:            1"
__meta__ = {
"_edit_use_anchors_": false
}

[node name="winrate" type="Label" parent="Enemy/mini_CARD"]
margin_left = -132.0
margin_top = -50.4249
margin_right = 117.0
margin_bottom = -10.4249
custom_fonts/font = SubResource( 3 )
text = "Win Rate:       ~ 80"
__meta__ = {
"_edit_use_anchors_": false
}

[node name="reward" type="Label" parent="Enemy/mini_CARD"]
margin_left = -132.0
margin_top = -5.66138
margin_right = 117.0
margin_bottom = 77.3386
custom_fonts/font = SubResource( 4 )
text = "Reward
Estimated:    0~0"
__meta__ = {
"_edit_use_anchors_": false
}

[node name="XP" type="Label" parent="Enemy/mini_CARD"]
margin_left = -133.0
margin_top = 82.0
margin_right = 116.0
margin_bottom = 123.0
custom_fonts/font = SubResource( 5 )
text = "EXP:     2.00 ~ 3.00"
__meta__ = {
"_edit_use_anchors_": false
}

[node name="Enemy2" parent="." instance=ExtResource( 40 )]
position = Vector2( 436.797, 425.76 )
scale = Vector2( 0.7, 0.7 )
numberEnemy = [ ExtResource( 2 ) ]

[node name="plataforma2" type="Sprite" parent="Enemy2"]
position = Vector2( -1.37476, 174.442 )
scale = Vector2( 0.9, 1.429 )
z_index = -1
texture = ExtResource( 42 )

[node name="mini_CARD2" type="Sprite" parent="Enemy2"]
position = Vector2( 6.98663, 311.302 )
scale = Vector2( 1, 1.2 )
z_index = -2
texture = ExtResource( 43 )

[node name="CARD_CHARACTER02-2" type="TextureButton" parent="Enemy2/mini_CARD2"]
margin_left = -163.928
margin_top = 127.602
margin_right = 231.072
margin_bottom = 225.602
rect_scale = Vector2( 0.8, 0.8 )
texture_normal = ExtResource( 41 )
__meta__ = {
"_edit_use_anchors_": false
}

[node name="Label2" type="Label" parent="Enemy2/mini_CARD2/CARD_CHARACTER02-2"]
margin_left = 94.6105
margin_top = 24.9891
margin_right = 301.611
margin_bottom = 63.9891
custom_fonts/font = SubResource( 1 )
text = "Fight"
align = 1
__meta__ = {
"_edit_use_anchors_": false
}

[node name="level2" type="Label" parent="Enemy2/mini_CARD2"]
margin_left = -128.856
margin_top = -90.4916
margin_right = 120.144
margin_bottom = -55.4916
custom_fonts/font = SubResource( 2 )
text = "Level:            2"
__meta__ = {
"_edit_use_anchors_": false
}

[node name="winrate2" type="Label" parent="Enemy2/mini_CARD2"]
margin_left = -129.0
margin_top = -49.0
margin_right = 120.0
margin_bottom = -14.0
custom_fonts/font = SubResource( 3 )
text = "Win Rate:       ~ 70"
__meta__ = {
"_edit_use_anchors_": false
}

[node name="reward2" type="Label" parent="Enemy2/mini_CARD2"]
margin_left = -128.856
margin_top = -4.15302
margin_right = 120.144
margin_bottom = 78.847
custom_fonts/font = SubResource( 4 )
text = "Reward
Estimated:    0~0"
__meta__ = {
"_edit_use_anchors_": false
}

[node name="XP2" type="Label" parent="Enemy2/mini_CARD2"]
margin_left = -128.157
margin_top = 83.5084
margin_right = 120.843
margin_bottom = 124.508
custom_fonts/font = SubResource( 5 )
text = "EXP:     6.00 ~ 8.00"
__meta__ = {
"_edit_use_anchors_": false
}

[node name="Enemy3" parent="." instance=ExtResource( 40 )]
position = Vector2( 757.687, 433.279 )
scale = Vector2( 0.7, 0.7 )
numberEnemy = [ ExtResource( 3 ) ]

[node name="plataforma3" type="Sprite" parent="Enemy3"]
position = Vector2( -1.21625, 169.415 )
scale = Vector2( 0.9, 1.429 )
z_index = -1
texture = ExtResource( 42 )

[node name="mini_CARD3" type="Sprite" parent="Enemy3"]
position = Vector2( 14.0681, 300.24 )
scale = Vector2( 1, 1.2 )
z_index = -2
texture = ExtResource( 43 )

[node name="CARD_CHARACTER02-3" type="TextureButton" parent="Enemy3/mini_CARD3"]
margin_left = -166.785
margin_top = 126.174
margin_right = 228.215
margin_bottom = 224.174
rect_scale = Vector2( 0.8, 0.8 )
texture_normal = ExtResource( 41 )
__meta__ = {
"_edit_use_anchors_": false
}

[node name="Label3" type="Label" parent="Enemy3/mini_CARD3/CARD_CHARACTER02-3"]
margin_left = 91.3136
margin_top = 19.4436
margin_right = 298.314
margin_bottom = 58.4436
custom_fonts/font = SubResource( 1 )
text = "Fight"
align = 1
__meta__ = {
"_edit_use_anchors_": false
}

[node name="level3" type="Label" parent="Enemy3/mini_CARD3"]
margin_left = -133.0
margin_top = -90.0
margin_right = 116.0
margin_bottom = -55.0
custom_fonts/font = SubResource( 2 )
text = "Level:            3"
__meta__ = {
"_edit_use_anchors_": false
}

[node name="winrate3" type="Label" parent="Enemy3/mini_CARD3"]
margin_left = -132.923
margin_top = -48.6495
margin_right = 116.077
margin_bottom = -8.64948
custom_fonts/font = SubResource( 3 )
text = "Win Rate:       ~ 60"
__meta__ = {
"_edit_use_anchors_": false
}

[node name="reward3" type="Label" parent="Enemy3/mini_CARD3"]
margin_left = -132.923
margin_top = -3.88593
margin_right = 116.077
margin_bottom = 79.1141
custom_fonts/font = SubResource( 4 )
text = "Reward
Estimated:    0~0"
__meta__ = {
"_edit_use_anchors_": false
}

[node name="XP3" type="Label" parent="Enemy3/mini_CARD3"]
margin_left = -133.923
margin_top = 83.7755
margin_right = 115.077
margin_bottom = 124.775
custom_fonts/font = SubResource( 5 )
text = "EXP:     8.00 ~ 10.00"
__meta__ = {
"_edit_use_anchors_": false
}

[node name="Enemy4" parent="." instance=ExtResource( 40 )]
position = Vector2( 1047.41, 428 )
scale = Vector2( 0.7, 0.7 )
numberEnemy = [ ExtResource( 4 ) ]

[node name="plataforma4" type="Sprite" parent="Enemy4"]
position = Vector2( 23.1963, 172.671 )
scale = Vector2( 0.9, 1.429 )
z_index = -1
texture = ExtResource( 42 )

[node name="mini_CARD4" type="Sprite" parent="Enemy4"]
position = Vector2( 31.8053, 307.622 )
scale = Vector2( 1, 1.2 )
z_index = -2
texture = ExtResource( 43 )

[node name="CARD_CHARACTER02-4" type="TextureButton" parent="Enemy4/mini_CARD4"]
margin_left = -165.714
margin_top = 126.174
margin_right = 229.286
margin_bottom = 224.174
rect_scale = Vector2( 0.8, 0.8 )
texture_normal = ExtResource( 41 )
__meta__ = {
"_edit_use_anchors_": false
}

[node name="Label4" type="Label" parent="Enemy4/mini_CARD4/CARD_CHARACTER02-4"]
margin_left = 95.0
margin_top = 26.0
margin_right = 298.0
margin_bottom = 65.0
custom_fonts/font = SubResource( 1 )
text = "Fight"
align = 1
__meta__ = {
"_edit_use_anchors_": false
}

[node name="level4" type="Label" parent="Enemy4/mini_CARD4"]
margin_left = -133.119
margin_top = -90.0909
margin_right = 115.881
margin_bottom = -55.0909
custom_fonts/font = SubResource( 2 )
text = "Level:            4"
__meta__ = {
"_edit_use_anchors_": false
}

[node name="winrate4" type="Label" parent="Enemy4/mini_CARD4"]
margin_left = -133.119
margin_top = -48.5158
margin_right = 115.881
margin_bottom = -8.51581
custom_fonts/font = SubResource( 3 )
text = "Win Rate:       ~ 50"
__meta__ = {
"_edit_use_anchors_": false
}

[node name="reward4" type="Label" parent="Enemy4/mini_CARD4"]
margin_left = -133.119
margin_top = -3.75226
margin_right = 115.881
margin_bottom = 79.2477
custom_fonts/font = SubResource( 4 )
text = "Reward
Estimated:    0~0"
__meta__ = {
"_edit_use_anchors_": false
}

[node name="XP4" type="Label" parent="Enemy4/mini_CARD4"]
margin_left = -134.119
margin_top = 83.9091
margin_right = 114.881
margin_bottom = 124.909
custom_fonts/font = SubResource( 5 )
text = "EXP:     10.00 ~ 12.00"
__meta__ = {
"_edit_use_anchors_": false
}

[node name="Enemy5" parent="." instance=ExtResource( 40 )]
position = Vector2( 1364.7, 428.445 )
scale = Vector2( 0.7, 0.7 )
numberEnemy = [ ExtResource( 5 ) ]

[node name="plataforma5" type="Sprite" parent="Enemy5"]
position = Vector2( 7.98593, 172.671 )
scale = Vector2( 0.9, 1.429 )
z_index = -1
texture = ExtResource( 42 )

[node name="mini_CARD5" type="Sprite" parent="Enemy5"]
position = Vector2( 14.3123, 309.225 )
scale = Vector2( 1, 1.2 )
z_index = -2
texture = ExtResource( 43 )

[node name="CARD_CHARACTER02-5" type="TextureButton" parent="Enemy5/mini_CARD5"]
margin_left = -164.286
margin_top = 126.174
margin_right = 230.714
margin_bottom = 224.174
rect_scale = Vector2( 0.8, 0.8 )
texture_normal = ExtResource( 41 )
__meta__ = {
"_edit_use_anchors_": false
}

[node name="Label5" type="Label" parent="Enemy5/mini_CARD5/CARD_CHARACTER02-5"]
margin_left = 93.0975
margin_top = 21.5603
margin_right = 300.098
margin_bottom = 60.5603
custom_fonts/font = SubResource( 1 )
text = "Fight"
align = 1
__meta__ = {
"_edit_use_anchors_": false
}

[node name="level5" type="Label" parent="Enemy5/mini_CARD5"]
margin_left = -131.762
margin_top = -91.9567
margin_right = 117.238
margin_bottom = -56.9567
custom_fonts/font = SubResource( 2 )
text = "Level:            5"
__meta__ = {
"_edit_use_anchors_": false
}

[node name="winrate5" type="Label" parent="Enemy5/mini_CARD5"]
margin_left = -131.762
margin_top = -50.3817
margin_right = 117.238
margin_bottom = -10.3817
custom_fonts/font = SubResource( 3 )
text = "Win Rate:       ~ 80"
__meta__ = {
"_edit_use_anchors_": false
}

[node name="reward5" type="Label" parent="Enemy5/mini_CARD5"]
margin_left = -131.762
margin_top = -5.61816
margin_right = 117.238
margin_bottom = 77.3818
custom_fonts/font = SubResource( 4 )
text = "Reward
Estimated:    0~0"
__meta__ = {
"_edit_use_anchors_": false
}

[node name="XP5" type="Label" parent="Enemy5/mini_CARD5"]
margin_left = -134.461
margin_top = 80.6275
margin_right = 114.539
margin_bottom = 121.628
custom_fonts/font = SubResource( 5 )
text = "EXP:   2.400 ~ 28.00"
__meta__ = {
"_edit_use_anchors_": false
}
